@article{gpudb,
  title={The Yin and Yang of processing data warehousing queries on GPU
    devices},
  author={Yuan, Yuan and Lee, Rubao and Zhang, Xiaodong},
  journal={Proceedings of the VLDB Endowment},
  volume={6},
  number={10},
  pages={817--828},
  year={2013},
  publisher={VLDB Endowment}
}

@article{gpudb2,
  title={Concurrent analytical query processing with GPUs},
  author={Wang, Kaibo and Zhang, Kai and Yuan, Yuan and Ma, Siyuan and Lee,
    Rubao and Ding, Xiaoning and Zhang, Xiaodong},
  journal={Proceedings of the VLDB Endowment},
  volume={7},
  number={11},
  pages={1011--1022},
  year={2014},
  publisher={VLDB Endowment}
}
